% Electro-Mechanical Whole-Heart Digital Twins: A Fully Coupled Multi-Physics Approach
@article{gerach2021electro,
  author    = {Gerach, T. and Schuler, S. and Fr{\"o}hlich, J. and Lindner, L. and Kovacheva, E. and Moss, R. and W{\"u}lfers, E. M. and Seemann, G. and Wieners, C. and Loewe, A.},
  title     = {Electro-Mechanical Whole-Heart Digital Twins: A Fully Coupled Multi-Physics Approach},
  journal   = {Mathematics},
  volume    = {9},
  number    = {11},
  pages     = {1247},
  year      = {2021},
  doi       = {10.3390/math9111247},
  url       = {https://doi.org/10.3390/math9111247}
}

% Building Digital Twins for Cardiovascular Health: From Principles to Clinical Impact
@article{sel2024digital,
  author    = {Sel, Kaan and Osman, Deen and Zare, Fatemeh and Masoumi Shahrbabak, Sina and Brattain, Laura and Hahn, Jin-Oh and Inan, Omer T. and Mukkamala, Ramakrishna and Palmer, Jeffrey and Paydarfar, David and Pettigrew, Roderic I. and Quyyumi, Arshed A. and Telfer, Brian and Jafari, Roozbeh},
  title     = {Building Digital Twins for Cardiovascular Health: From Principles to Clinical Impact},
  journal   = {Journal of the American Heart Association},
  volume    = {13},
  number    = {14},
  pages     = {e031981},
  year      = {2024},
  doi       = {10.1161/JAHA.123.031981},
  url       = {https://www.ahajournals.org/doi/10.1161/JAHA.123.031981}
}

% Cardiovascular Diseases
@misc{who2025cvd,
  author       = {{World Health Organization}},
  title        = {Cardiovascular Diseases},
  year         = {2025},
  url          = {https://www.who.int/news-room/fact-sheets/detail/cardiovascular-diseases-(cvds)},
  note         = {Accessed: 2025-10-01}
}

% A Digital Twin Framework for Real-Time Healthcare Monitoring: Leveraging AI and Secure Systems for Enhanced Patient Outcomes
@article{jameil2025digital,
  author    = {Jameil, Ahmed K. and Al-Raweshidy, Hamed},
  title     = {A Digital Twin Framework for Real-Time Healthcare Monitoring: Leveraging AI and Secure Systems for Enhanced Patient Outcomes},
  journal   = {Discover Internet of Things},
  volume    = {5},
  pages     = {37},
  year      = {2025},
  doi       = {10.1007/s43926-025-00135-3},
  url       = {https://doi.org/10.1007/s43926-025-00135-3}
}
